<record xmlns="http://www.loc.gov/MARC21/slim" xmlns:xsi="http://www.w3.org/2001/XMLSchema-instance" xsi:schemaLocation="http://www.loc.gov/MARC21/slim http://www.loc.gov/standards/marcxml/schema/MARC21slim.xsd"><leader>00037nz   2200037n  4500</leader><controlfield tag="001">DNB|102384746</controlfield><controlfield tag="003">DNB</controlfield><controlfield tag="005">20061124161541.0</controlfield><controlfield tag="008">930416|||azznnaa|||||||||||| a|aaa|||| d</controlfield><datafield ind1="7" ind2=" " tag="016"><subfield code="a">102384746</subfield><subfield code="2">GyFmDB</subfield></datafield><datafield ind1=" " ind2=" " tag="035"><subfield code="a">(SWD)4812195-2</subfield></datafield><datafield ind1=" " ind2=" " tag="040"><subfield code="a">0000</subfield><subfield code="b">ger</subfield><subfield code="d">9999</subfield><subfield code="f">RAK-PND</subfield></datafield><datafield ind1=" " ind2=" " tag="043"><subfield code="a">XS---</subfield><subfield code="2">SWD-ISO3166</subfield></datafield><datafield ind1=" " ind2=" " tag="065"><subfield code="a">16.5p</subfield><subfield code="5">SWD</subfield></datafield><datafield ind1=" " ind2=" " tag="065"><subfield code="a">4.7p</subfield><subfield code="5">SWD</subfield></datafield><datafield ind1=" " ind2=" " tag="072"><subfield code="a">grc</subfield><subfield code="2">ISO639-2</subfield></datafield><datafield ind1="0" ind2=" " tag="100"><subfield code="a">Chilon,</subfield><subfield code="c">Lyricus</subfield><subfield code="d">6. Jh. v. Chr.</subfield></datafield><datafield ind1="0" ind2=" " tag="400"><subfield code="a">Chilo,</subfield><subfield code="c">Lyricus</subfield><subfield code="d">6. Jh. v. Chr.</subfield></datafield><datafield ind1="0" ind2=" " tag="400"><subfield code="a">Chilon,</subfield><subfield code="c">Lyriker</subfield><subfield code="d">6. Jh. v. Chr.</subfield></datafield><datafield ind1="0" ind2=" " tag="400"><subfield code="a">Chilon,</subfield><subfield code="c">Philosophus</subfield><subfield code="d">6. Jh. v. Chr.</subfield></datafield><datafield ind1="0" ind2=" " tag="400"><subfield code="a">Chilon,</subfield><subfield code="c">Ephor</subfield><subfield code="d">6. Jh. v. Chr.</subfield></datafield><datafield ind1="0" ind2=" " tag="400"><subfield code="a">Chilon,</subfield><subfield code="c">Politiker</subfield><subfield code="d">6. Jh. v. Chr.</subfield></datafield><datafield ind1="0" ind2=" " tag="400"><subfield code="a">Chilon,</subfield><subfield code="c">Staatsmann</subfield><subfield code="d">6. Jh. v. Chr.</subfield></datafield><datafield ind1="0" ind2=" " tag="400"><subfield code="a">Chilon,</subfield><subfield code="c">Philosoph</subfield><subfield code="d">6. Jh. v. Chr.</subfield></datafield><datafield ind1="0" ind2=" " tag="400"><subfield code="a">Chilon,</subfield><subfield code="c">von Sparta</subfield><subfield code="d">6. Jh. v. Chr.</subfield></datafield><datafield ind1="0" ind2=" " tag="400"><subfield code="a">Cheilon,</subfield><subfield code="c">Politiker</subfield><subfield code="d">6. Jh. v. Chr.</subfield></datafield><datafield ind1="0" ind2=" " tag="400"><subfield code="a">Cheilon,</subfield><subfield code="c">Staatsmann</subfield><subfield code="d">6. Jh. v. Chr.</subfield></datafield><datafield ind1="0" ind2=" " tag="400"><subfield code="a">Cheilon,</subfield><subfield code="c">von Sparta</subfield><subfield code="d">6. Jh. v. Chr.</subfield></datafield><datafield ind1="0" ind2=" " tag="400"><subfield code="a">Cheilon,</subfield><subfield code="c">Ephor</subfield><subfield code="d">6. Jh. v. Chr.</subfield></datafield><datafield ind1="0" ind2=" " tag="400"><subfield code="a">Cheilon,</subfield><subfield code="c">Philosoph</subfield><subfield code="d">6. Jh. v. Chr.</subfield></datafield><datafield ind1="0" ind2=" " tag="500"><subfield code="a">Septem Sapientes.</subfield><subfield code="0">118613928</subfield><subfield code="5">SWD</subfield></datafield><datafield ind1=" " ind2=" " tag="667"><subfield code="a">TITAN</subfield></datafield><datafield ind1=" " ind2=" " tag="670"><subfield code="a">PAN; Kroh</subfield></datafield><datafield ind1=" " ind2=" " tag="678"><subfield code="a">Griech. Politiker, zählt zu den Sieben Weisen</subfield></datafield><datafield ind1="0" ind2="7" tag="700"><subfield code="a">Cheilon,</subfield><subfield code="c">Lyriker</subfield><subfield code="d">6. Jh. v. Chr.</subfield><subfield code="2">Other Rules</subfield></datafield><datafield ind1=" " ind2=" " tag="922"><subfield code="a">gr</subfield><subfield code="9">1</subfield></datafield><datafield ind1=" " ind2=" " tag="945"><subfield code="a">11</subfield><subfield code="9">1</subfield></datafield></record>